@incollection{porter97,
  author = {Porter, M. F.},
  chapter = {An Algorithm for Suffix Stripping},
  title = {Readings in Information Retrieval},
  year = {1997},
  isbn = {1-55860-454-5},
  pages = {313--316},
  numpages = {4},
  publisher = {Morgan Kaufmann Publishers Inc.}
}

@inproceedings{broder02,
  author = {Andrei Broder and Michael Mitzenmacher and Andrei Broder I Michael Mitzenmacher},
  title = {Network Applications of Bloom Filters: A Survey},
  booktitle = {Internet Mathematics},
  year = {2002},
  pages = {636--646}
}

@inproceedings{pant04,
  author = {Gautam Pant and Padmini Srinivasan and Filippo Menczer},
  title = {Crawling the Web},
  booktitle = {In Web Dynamics: Adapting to Change in Content, Size, Topology and Use. Edited by M. Levene and A. Poulovassilis},
  year = {2004},
  pages = {153--178},
  publisher = {Springer-Verlag}
}

@online{porter06,
  author = {Porter, M. F.},
  title = {Russian stemming algorithm},
  year = {2007},
  url = {http://snowball.tartarus.org/algorithms/russian/stemmer.html}
}

@book{segaran07,
  author = {Segaran, Toby},
  title = {Programming Collective Intelligence},
  year = {2007},
  isbn = {9780596529321},
  publisher = {O'Reilly}
}

@article{robertson09,
  author = {Robertson, Stephen and Zaragoza, Hugo},
  title = {The Probabilistic Relevance Framework: BM25 and Beyond},
  journal = {Found. Trends Inf. Retr.},
  issue_date = {April 2009},
  volume = {3},
  number = {4},
  month = {apr},
  year = {2009},
  issn = {1554-0669},
  pages = {333--389},
  numpages = {57},
  publisher = {Now Publishers Inc.}
}

@inproceedings{kohlschutter10,
  author = {Kohlsch\"{u}tter, Christian and Fankhauser, Peter and Nejdl, Wolfgang},
  title = {Boilerplate Detection Using Shallow Text Features},
  booktitle = {Proceedings of the Third ACM International Conference on Web Search and Data Mining},
  year = {2010},
  isbn = {978-1-60558-889-6},
  pages = {441--450},
  numpages = {10},
  publisher = {ACM},
  keywords = {boilerplate removal, full-text extraction, template detection, text cleaning, web document modeling}
}

@phdthesis{pomikalek11,
  title = {Removing boilerplate and duplicate content from web corpora},
  author = {Pomik{\'a}lek, Jan},
  school = {Masaryk university, Faculty of informatics, Brno, Czech Republic},
  year = {2011}
}

@inproceedings{lv11l,
  author = {Lv, Yuanhua and Zhai, ChengXiang},
  title = {When Documents Are Very Long, BM25 Fails!},
  booktitle = {Proceedings of the 34th International ACM SIGIR Conference on Research and Development in Information Retrieval},
  year = {2011},
  isbn = {978-1-4503-0757-4},
  pages = {1103--1104},
  numpages = {2},
  publisher = {ACM},
  keywords = {bm25, bm25l, term frequency, very long documents}
}

@inproceedings{lv11+,
  author = {Lv, Yuanhua and Zhai, ChengXiang},
  title = {Lower-bounding Term Frequency Normalization},
  booktitle = {Proceedings of the 20th ACM International Conference on Information and Knowledge Management},
  year = {2011},
  isbn = {978-1-4503-0717-8},
  pages = {7--16},
  numpages = {10},
  publisher = {ACM},
  keywords = {BM25+, DIR+, Pl2+, data analysis, document length, formal constraints, lower bound, term frequency}
}
